@article{Dudt2020,
    author  = {Dudt, D. W. and Kolemen, E.},
    journal = {Phys. Plasmas},
    volume  = {27},
    year    = {2020},
    pages   = {102513}
    }

@article{Hirshman1983,
    author  = {Hirshman, S. P. and Whitson, J. C.},
    journal = {Phys. Fluids},
    volume  = {26},
    year    = {1983},
    pages   = {3553--3568}
    }

@article{NumPy,
    author  = {Harris, Charles R. and Millman, K. Jarrod and van der Walt, Stéfan J and Gommers, Ralf and Virtanen, Pauli
               and Cournapeau, David and Wieser, Eric and Taylor, Julian and Berg, Sebastian and Smith, Nathaniel J.
               and Kern, Robert and Picus, Matti and Hoyer, Stephan and van Kerkwijk, Marten H. and Brett, Matthew
               and Haldane, Allan and Fernández del Río, Jaime and Wiebe, Mark and Peterson, Pearu
               and Gérard-Marchant, Pierre and Sheppard, Kevin and Reddy, Tyler and Weckesser, Warren and Abbasi, Hameer
               and Gohlke, Christoph and Oliphant, Travis E.},
    title   = {Array programming with {NumPy}},
    journal = {Nature},
    year    = {2020},
    volume  = {585},
    pages   = {357–362},
    doi     = {10.1038/s41586-020-2649-2}
    }

@article{SciPy,
    author  = {Virtanen, Pauli and Gommers, Ralf and Oliphant, Travis E. and Haberland, Matt and Reddy, Tyler
               and Cournapeau, David and Burovski, Evgeni and Peterson, Pearu and Weckesser, Warren
               and Bright, Jonathan and {van der Walt}, St{\'e}fan J. and Brett, Matthew and Wilson, Joshua
               and Millman, K. Jarrod and Mayorov, Nikolay and Nelson, Andrew R. J. and Jones, Eric and Kern, Robert
               and Larson, Eric and Carey, C J and Polat, {\.I}lhan and Feng, Yu and Moore, Eric W.
               and {VanderPlas}, Jake and Laxalde, Denis and Perktold, Josef and Cimrman, Robert and Henriksen, Ian
               and Quintero, E. A. and Harris, Charles R. and Archibald, Anne M. and Ribeiro, Ant{\^o}nio H.
               and Pedregosa, Fabian and {van Mulbregt}, Paul and {SciPy 1.0 Contributors}},
    title   = {{{SciPy} 1.0: Fundamental Algorithms for Scientific Computing in Python}},
    journal = {Nature Methods},
    year    = {2020},
    volume  = {17},
    pages   = {261--272},
    adsurl  = {https://rdcu.be/b08Wh},
    doi     = {10.1038/s41592-019-0686-2},
    }

@software{JAX,
    author  = {James Bradbury and Roy Frostig and Peter Hawkins and Matthew James Johnson and Chris Leary and Dougal Maclaurin and Skye Wanderman-Milne},
    title   = {{JAX}: composable transformations of {P}ython+{N}um{P}y programs},
    url     = {http://github.com/google/jax},
    version = {0.1.55},
    year    = {2018},
    }
